<?xml version='1.0' encoding='utf-8'?>
<record xmlns="http://www.loc.gov/MARC21/slim" xmlns:xsi="http://www.w3.org/2001/XMLSchema-instance">
  <leader>^^^^^npcaa2200325za^4500</leader>
  <controlfield tag="001">004296044</controlfield>
  <controlfield tag="005">20030512000000.0</controlfield>
  <controlfield tag="008">030113i192u199umiu^^^^^^^^^^^^^^^^^eng^d</controlfield>
  <datafield tag="035" ind1=" " ind2=" ">
    <subfield code="a">(OCoLC)ocm77595345</subfield>
  </datafield>
  <datafield tag="040" ind1=" " ind2=" ">
    <subfield code="a">MiU-H</subfield>
    <subfield code="c">MiU-H</subfield>
    <subfield code="e">appm</subfield>
  </datafield>
  <datafield tag="100" ind1="1" ind2=" ">
    <subfield code="a">Hunter, Robert,</subfield>
    <subfield code="e">collector.</subfield>
  </datafield>
  <datafield tag="245" ind1="0" ind2="0">
    <subfield code="a">Robert Hunter collection,</subfield>
    <subfield code="f">1920s-1990s (scattered)</subfield>
  </datafield>
  <datafield tag="300" ind1=" " ind2=" ">
    <subfield code="a">0.2 linear ft. and 1 oversize folder.</subfield>
  </datafield>
  <datafield tag="545" ind1=" " ind2=" ">
    <subfield code="a">African American resident of Ypsilanti, Michigan; collector of documents and photographs relating to the local African American community.</subfield>
  </datafield>
  <datafield tag="520" ind1=" " ind2=" ">
    <subfield code="a">Charter of Touissant Lodge no. 21, Knights of Pythias, Ypsilanti, Michigan, 1923; charter of Eden Council no. 408, Ancient United Knights and Daughters of Africa, 1926; charter of Huron Lodge no. 695, Improved Benevolent Protective Order of Elks of the World, 1926; miscellaneous and printed material relating to Ypsilanti African American chapters of fraternal and service organizations; and photographs.</subfield>
  </datafield>
  <datafield tag="500" ind1=" " ind2=" ">
    <subfield code="a">Donor: 7020</subfield>
  </datafield>
  <datafield tag="500" ind1=" " ind2=" ">
    <subfield code="a">Photographs described separately.</subfield>
  </datafield>
  <datafield tag="650" ind1=" " ind2="0">
    <subfield code="a">African Americans</subfield>
    <subfield code="z">Michigan</subfield>
    <subfield code="z">Ypsilanti.</subfield>
  </datafield>
  <datafield tag="650" ind1=" " ind2="0">
    <subfield code="a">African American freemasons</subfield>
    <subfield code="z">Michigan</subfield>
    <subfield code="z">Ypsilanti.</subfield>
  </datafield>
  <datafield tag="610" ind1="2" ind2="0">
    <subfield code="a">Improved, Benevolent, Protective Order of Elks of the World.</subfield>
    <subfield code="b">Huron Lodge No. 695 (Ypsilanti, Mich.)</subfield>
  </datafield>
  <datafield tag="610" ind1="2" ind2="0">
    <subfield code="a">Freemasons.</subfield>
    <subfield code="b">Prince Hall Grand Lodge (Mich.)</subfield>
  </datafield>
  <datafield tag="610" ind1="2" ind2="0">
    <subfield code="a">Knights of Pythias of North America, South America, Europe, Asia, Africa and Australia.</subfield>
    <subfield code="b">Touissant Lodge No. 21 (Ypsilanti, Mich.)</subfield>
  </datafield>
  <datafield tag="650" ind1=" " ind2="0">
    <subfield code="a">African Americans</subfield>
    <subfield code="z">Michigan</subfield>
    <subfield code="z">Ypsilanti</subfield>
    <subfield code="x">Societies, etc.</subfield>
  </datafield>
  <datafield tag="651" ind1=" " ind2="0">
    <subfield code="a">Ypsilanti (Mich.)</subfield>
  </datafield>
  <datafield tag="610" ind1="2" ind2="0">
    <subfield code="a">Ancient United Knights and Daughters of Africa.</subfield>
    <subfield code="b">Eden Council No. 408 (Ypsilanti, Mich.)</subfield>
  </datafield>
  <datafield tag="610" ind1="2" ind2="0">
    <subfield code="a">Independent Order of Good Samaritans and Daughters of Samaria of the United States of America.</subfield>
    <subfield code="b">Love and Union Lodge, No. 4 (Ypsilanti, Mich.)</subfield>
  </datafield>
  <datafield tag="852" ind1="8" ind2=" ">
    <subfield code="a">MiU-H</subfield>
    <subfield code="b">BENT</subfield>
    <subfield code="h">034 Aa 2 Ac</subfield>
  </datafield>
  <datafield tag="998" ind1=" " ind2=" ">
    <subfield code="c">TEP</subfield>
  </datafield>
  <datafield tag="955" ind1=" " ind2=" ">
    <subfield code="b">BENT</subfield>
    <subfield code="p">B1808554</subfield>
  </datafield>
</record>
